@online{instawifi,
	author = {Jesse chen},
	title = {InstaWifi \ding{72}\ding{72}\ding{72}\ding{72}\ding{73}},
	url = {https://play.google.com/store/apps/details?id=net.jessechen.instawifi},
	language = {Ingl\^es},
	version = {1.2.0},
	note = {Aplicativo que gera QR-Codes para conex\~ao a redes Wi-Fi},
	date = {2013-11-19},
	urldate = {2015-01-01},
}

@online{barcode,
	author = {ZXing Team},
	title = {Barcode Scanner \ding{72}\ding{72}\ding{72}\ding{72}\ding{73}},
	url = {https://play.google.com/store/apps/details?id=com.google.zxing.client.android},
	language = {Ingl\^es},
	version = {4.7.0},
	note = {Aplicativo que l\^e QR-Codes e permite conex\~ao direta a redes Wi-Fi a partir de c\'odigos espec\'ificos},
	date = {2014-06-23},
	urldate = {2015-01-01},
}

@online{interevent,
	author = {Digital Bl\'a},
	title = {Interevent},
	url = {http://www.interevent.com.br},
	note = {Site da Interevent, empresa de Organiza\c{c}\~ao Marketing de Congressos},
	date = {2014-06-23},
	urldate = {2015-01-01},
}

@online{exame-8-startups,
	author = {Camila Lam},
	title = {8 startups para ficar de olho em 2015},
	date = {2014-12-15},
	url = {http://exame.abril.com.br/pme/noticias/8-startups-para-ficar-de-olho-em-2015#9},
	organization = {Exame.com},
	urldate = {2015-01-09},
}

@online{sympla-features,
	author = {Sympla},
	title = {Como Funciona},
	url = {http://www.sympla.com.br/como-funciona},
	urldate = {2015-01-09},
}

@online{sympla-cases,
	author = {Sympla},
	title = {Blog - Tag "Case de Sucesso"},
	url = {http://blog.sympla.com.br/tag/case-de-sucesso/},
	urldate = {2015-01-09}
}